
%%%%%%%%%%%%%%%%%%%%%%%%%%%%%%%
%% Fremde Veröffentlichungen %%
%%%%%%%%%%%%%%%%%%%%%%%%%%%%%%%

@book{Zomotor-Fahrverhalten-1991,
 author = {Zomotor, Adam},
 year = {1991},
 title = {{Fahrverhalten: Kräfte am Fahrzeug, Bremsverhalten, Lenkverhalten, Testverfahren, Meßtechnik, Bewertungsmethoden, Versuchseinrichtungen, aktive Sicherheit, Unfallverhütung}},
 keywords = {Einspurmodell},
 address = {Würzburg},
 edition = {2},
 publisher = {Vogel},
 isbn = {3-8023-0774-7},
 langid = {ngerman}
}


%%%%%%%%%%%%%%%%%%%%%%%%%%%%%%%%%
%%  Eigene Veröffentlichungen  %%
%% keyword = ownpubl beachten! %%
%%%%$$%%%%%%%%%%%%%%%%%%%%%%%%%%%

@inproceedings{GrinbergOhrBeyerer-ITSC2009,
 author = {Grinberg, Michael and Ohr, Florian and Beyerer, Jürgen},
 title = {{Feature-Based Probabilistic Data Association (FBPDA) for Visual Multi-Target Detection and Tracking under Occlusions and Split and Merge Effects}},
 keywords = {ownpubl},
 pages = {291--298},
 booktitle = {{Proceedings of the 12th International IEEE Conference on Intelligent Transportation Systems}},
 year = {2009},
 langid = {english}
}

@inproceedings{TeutschGrinberg-RobustDetectionInWAMI-2016,
 author = {Teutsch, Michael and Grinberg, Michael},
 title = {{Robust Detection of Moving Vehicles in Wide Area Motion Imagery}},
 keywords = {ownpubl},
 pages = {1434--1442},
 publisher = {{Conference Publishing Services, IEEE Computer Society}},
 isbn = {978-1-5090-1437-8},
 booktitle = {{Proceedings of the 29th IEEE Conference on Computer Vision and Pattern Recognition Workshops: 26 June-1 July 2016, Las Vegas, Nevada}},
 year = {2016},
 address = {Los Alamitos, California},
 langid = {english}
}


%%%%%%%%%%%%%%%%%%%%%%%%%%%%%%%%%%%
%%        Eigene Patente         %%
%% keyword = ownpatent beachten! %%
%%%%%%%%%%%%%%%%%%%%%%%%%%%%%%%%%%%

@patent{PatentValeoUltraschall2016DE,
 author = {Haberland, Udo and Hallek, Michael and Lill, Anton and Gr{\"u}dl, Dietmar and Grinberg, Michael and Willersinn, Dieter and Kroschel, Kristian},
 year = {2016},
 title = {{Noise-robust object location with ultrasound}},
 keywords = {ownpatent},
 number = {DE102014110187 A1},
 langid = {english}
}

@patent{PatentValeoUltraschall2016WO,
 author = {Haberland, Udo and Hallek, Michael and Lill, Anton and Gr{\"u}dl, Dietmar and Grinberg, Michael and Willersinn, Dieter and Kroschel, Kristian},
 year = {2016},
 title = {{Noise-robust object location with ultrasound}},
 keywords = {ownpatent},
 number = {WO/2016/008972},
 langid = {english}
}


%%%%%%%%%%%%%%%%%%%%%%%%%%%%%%%%%%%%
%% Betreute studentische Arbeiten %%
%% keyword = supervised beachten! %%
%%%%%%%%%%%%%%%%%%%%%%%%%%%%%%%%%%%%

@thesis{Mustermann-2016,
 author = {Mustermann, Erika},
 year = {2016},
 type = {Bachelor's Thesis},
 keywords = {supervised},
 title = {{Hocheffizientes Schreiben mit LaTeX}},
 school = {{Karlsruhe Institute of Technology}},
 langid = {ngerman}
}

@thesis{Mustermann-2017,
 author = {Mustermann, Erika},
 year = {2017},
 type = {Master's Thesis},
 keywords = {supervised},
 title = {{Schönes Titel für eine Masterarbeit}},
 school = {{Karlsruhe Institute of Technology}},
 langid = {ngerman}
}


